% This file was created with JabRef 2.10.
% Encoding: Cp1252


@Book{Boyd2004,
  Title                    = {{Convex Optimization}},
  Author                   = {Boyd, Stephen P.; Vandenberghe, Lieven},
  Publisher                = {Cambridge University Press},
  Year                     = {2004},

  Owner                    = {user},
  Timestamp                = {2016.8.18}
}

@Book{Frank,
  Title                    = {{ Legendre transformation and information geometry}},
  Author                   = {Nielsen, Frank.},

  Owner                    = {user},
  Timestamp                = {2016.8.18}
}


@Book{chap3,
  Title                    = {{Duality in convex optimization}},
  Chapter                   = {3},
   Year                        ={2011},
   url                             ={http://wwwhome.math.utwente.nl/~stillgj/conopt/chap3.pdf},
  Owner                    = {user},
  Timestamp                = {2016.8.18}
}

@misc{ wiki:001,
     Title                    = {{ Convex Conjugate}},
     Author                   ={Wikipedia} ,
     url                        ={https://en.wikipedia.org/wiki/Convex_conjugate},

}

@misc{ wiki:002,
     Title                    = {{ Fenchel Dual}},
     Author                   ={Wikipedia} ,
     url                        ={https://en.wikipedia.org/wiki/Duality_(optimization)},

}

@misc{ wiki:003,
     Title                    = {{ Pontryagin duality}},
     Author                   ={Wikipedia} ,
     url                        ={https://en.wikipedia.org/wiki/Pontryagin_duality},

}
